@article{xie2012hierarchical,
  title={Hierarchical structure based hybrid approach to sentiment analysis of Chinese micro blog and its feature extraction},
  author={Xie, Lixing and Zhou, Ming and Sun, Maosong},
  journal={Journal of Chinese information processing},
  volume={26},
  number={1},
  pages={73--83},
  year={2012}
}

@article{zhou2017brief,
  title={A brief introduction to weakly supervised learning},
  author={Zhou, Zhi-Hua},
  journal={National Science Review},
  volume={5},
  number={1},
  pages={44--53},
  year={2017},
  publisher={Oxford University Press}
}

@article{mikolov2013efficient,
  title={Efficient estimation of word representations in vector space},
  author={Mikolov, Tomas and Chen, Kai and Corrado, Greg and Dean, Jeffrey},
  journal={arXiv preprint arXiv:1301.3781},
  year={2013}
}

@article{joulin2016bag,
  title={Bag of Tricks for Efficient Text Classification},
  author={Joulin, Armand and Grave, Edouard and Bojanowski, Piotr and Mikolov, Tomas},
  journal={arXiv preprint arXiv:1607.01759},
  year={2016}
}

@article{chen2018d,
  title={D-MAP+: Interactive visual analysis and exploration of ego-centric and event-centric information diffusion patterns in social media},
  author={Chen, Siming and Chen, Shuai and Wang, Zhenhuang and Liang, Jie and Wu, Yadong and Yuan, Xiaoru},
  journal={ACM Transactions on Intelligent Systems and Technology (TIST)},
  volume={10},
  number={1},
  pages={11},
  year={2018},
  publisher={ACM}
}

@article{li2018echarts,
  title={ECharts: A declarative framework for rapid construction of web-based visualization},
  author={Li, Deqing and Mei, Honghui and Shen, Yi and Su, Shuang and Zhang, Wenli and Wang, Junting and Zu, Ming and Chen, Wei},
  journal={Visual Informatics},
  volume={2},
  number={2},
  pages={136--146},
  year={2018},
  publisher={Elsevier}
}

@article{zhao2016social,
  title={Social sentiment sensor: a visualization system for topic detection and topic sentiment analysis on microblog},
  author={Zhao, Yanyan and Qin, Bing and Liu, Ting and Tang, Duyu},
  journal={Multimedia Tools and Applications},
  volume={75},
  number={15},
  pages={8843--8860},
  year={2016},
  publisher={Springer}
}

@inproceedings{tatemura2000virtual,
  title={Virtual reviewers for collaborative exploration of movie reviews},
  author={Tatemura, Junichi},
  booktitle={Proceedings of the 5th international conference on Intelligent user interfaces},
  pages={272--275},
  year={2000},
  organization={Citeseer}
}

@inproceedings{ku2006opinion,
  title={Opinion extraction, summarization and tracking in news and blog corpora},
  author={Ku, Lun-Wei and Liang, Yu-Ting and Chen, Hsin-Hsi},
  booktitle={Proceedings of AAAI},
  pages={100--107},
  year={2006}
}

@inproceedings{mishne2006predicting,
  title={Predicting movie sales from blogger sentiment.},
  author={Mishne, Gilad and Glance, Natalie S and others},
  booktitle={AAAI spring symposium: computational approaches to analyzing weblogs},
  pages={155--158},
  year={2006}
}

@inproceedings{read2005using,
  title={Using emoticons to reduce dependency in machine learning techniques for sentiment classification},
  author={Read, Jonathon},
  booktitle={Proceedings of the ACL student research workshop},
  pages={43--48},
  year={2005},
  organization={Association for Computational Linguistics}
}

@article{fang2015sentiment,
  title={Sentiment analysis using product review data},
  author={Fang, Xing and Zhan, Justin},
  journal={Journal of Big Data},
  volume={2},
  number={1},
  pages={5},
  year={2015},
  publisher={Nature Publishing Group}
}

@inproceedings{bao2014role,
  title={The role of pre-processing in twitter sentiment analysis},
  author={Bao, Yanwei and Quan, Changqin and Wang, Lijuan and Ren, Fuji},
  booktitle={International Conference on Intelligent Computing},
  pages={615--624},
  year={2014},
  organization={Springer}
}

@article{haddi2013role,
  title={The role of text pre-processing in sentiment analysis},
  author={Haddi, Emma and Liu, Xiaohui and Shi, Yong},
  journal={Procedia Computer Science},
  volume={17},
  pages={26--32},
  year={2013},
  publisher={Elsevier}
}

@inproceedings{ren2014weiboevents,
  title={Weiboevents: A crowd sourcing weibo visual analytic system},
  author={Ren, Donghao and Zhang, Xin and Wang, Zhenhuang and Li, Jing and Yuan, Xiaoru},
  booktitle={2014 IEEE Pacific Visualization Symposium},
  pages={330--334},
  year={2014},
  organization={IEEE}
}

@article{pang2008opinion,
  title={Opinion mining and sentiment analysis},
  author={Pang, Bo and Lee, Lillian and others},
  journal={Foundations and Trends{\textregistered} in Information Retrieval},
  volume={2},
  number={1--2},
  pages={1--135},
  year={2008},
  publisher={Now Publishers, Inc.}
}

@inproceedings{iosifidis2017large,
  title={Large scale sentiment learning with limited labels},
  author={Iosifidis, Vasileios and Ntoutsi, Eirini},
  booktitle={Proceedings of the 23rd ACM SIGKDD international conference on knowledge discovery and data mining},
  pages={1823--1832},
  year={2017},
  organization={ACM}
}

@article{Yang2015Task,
  title={Task and Data Designing of Sentiment Sentence Analysis Evaluation in COAE2014},
  author={Yang, Jing and Weiran, X. U. and Tan, Songbo},
  journal={Journal of Shanxi University},
  year={2015},
}

@article{tang2014emotion,
  title={Emotion analysis platform on chinese microblog},
  author={Tang, Duyu and Qin, Bing and Liu, Ting and Shi, Qiuhui},
  journal={arXiv preprint arXiv:1403.7335},
  year={2014}
}

@proceedings{DBLP:conf/acml/2013,
  editor    = {Cheng Soon Ong and
               Tu Bao Ho},
  title     = {Asian Conference on Machine Learning, {ACML} 2013, Canberra, ACT,
               Australia, November 13-15, 2013},
  series    = {{JMLR} Proceedings},
  volume    = {29},
  publisher = {JMLR.org},
  year      = {2013},
  url       = {http://jmlr.org/proceedings/papers/v29/},
  timestamp = {Thu, 11 Sep 2014 07:28:55 +0200},
  biburl    = {http://dblp.uni-trier.de/rec/bib/conf/acml/2013},
  bibsource = {dblp computer science bibliography, http://dblp.org}
}

@article{chamlertwat2012discovering,
  title={Discovering Consumer Insight from Twitter via Sentiment Analysis.},
  author={Chamlertwat, Wilas and Bhattarakosol, Pattarasinee and Rungkasiri, Tippakorn and Haruechaiyasak, Choochart},
  journal={J. UCS},
  volume={18},
  number={8},
  pages={973--992},
  year={2012}
}

@inproceedings{si2013exploiting,
  title={Exploiting topic based twitter sentiment for stock prediction},
  author={Si, Jianfeng and Mukherjee, Arjun and Liu, Bing and Li, Qing and Li, Huayi and Deng, Xiaotie},
  booktitle={Proceedings of the 51st Annual Meeting of the Association for Computational Linguistics (Volume 2: Short Papers)},
  volume={2},
  pages={24--29},
  year={2013}
}

@inproceedings{wang2012system,
  title={A system for real-time twitter sentiment analysis of 2012 us presidential election cycle},
  author={Wang, Hao and Can, Dogan and Kazemzadeh, Abe and Bar, Fran{\c{c}}ois and Narayanan, Shrikanth},
  booktitle={Proceedings of the ACL 2012 System Demonstrations},
  pages={115--120},
  year={2012},
  organization={Association for Computational Linguistics}
}

@article{go2009twitter,
  title={Twitter sentiment classification using distant supervision},
  author={Go, Alec and Bhayani, Richa and Huang, Lei},
  journal={CS224N Project Report, Stanford},
  volume={1},
  number={12},
  pages={2009},
  year={2009}
}

@inproceedings{pak2010twitter,
  title={Twitter as a corpus for sentiment analysis and opinion mining.},
  author={Pak, Alexander and Paroubek, Patrick},
  booktitle={LREc},
  volume={10},
  number={2010},
  pages={1320--1326},
  year={2010}
}

@inproceedings{paul2017compass,
  title={Compass: Spatio temporal sentiment analysis of us election what twitter says!},
  author={Paul, Debjyoti and Li, Feifei and Teja, Murali Krishna and Yu, Xin and Frost, Richie},
  booktitle={Proceedings of the 23rd ACM SIGKDD international conference on knowledge discovery and data mining},
  pages={1585--1594},
  year={2017},
  organization={ACM}
}

@inproceedings{song2019distilling,
  title={Distilling Knowledge from User Information for Document Level Sentiment Classification},
  author={Song, Jialing},
  booktitle={2019 IEEE 35th International Conference on Data Engineering Workshops (ICDEW)},
  pages={169--176},
  year={2019},
  organization={IEEE}
}

@inproceedings{le2017ontology,
  title={Ontology-and Sentiment-aware Review Summarization},
  author={Le, Nhat XT and Hristidisy, Vagelis and Young, Neal},
  booktitle={2017 IEEE 33rd International Conference on Data Engineering (ICDE)},
  pages={171--174},
  year={2017},
  organization={IEEE}
}